<?xml version="1.0" encoding="UTF-8"?><collection xmlns="http://www.loc.gov/MARC21/slim"><record><leader>00418nam--2200145-i-4500</leader><controlfield tag="001">000003010</controlfield><controlfield tag="002">20161230</controlfield><controlfield tag="005">20161230201025</controlfield><controlfield tag="008">060222s1000------------r-----000-0-eng-d</controlfield><datafield ind1=" " ind2=" " tag="080"><subfield code="a">51.01:517.1:518.1</subfield></datafield><datafield ind1=" " ind2=" " tag="100"><subfield code="a">Bochenski, I.M</subfield></datafield><datafield ind1=" " ind2=" " tag="245"><subfield code="a">Ancient forrmal logic</subfield></datafield><datafield ind1=" " ind2=" " tag="260"><subfield code="a">Amsterdam, North-holland, 1951, 1963. X + 122 P. + 1 Table</subfield></datafield><datafield ind1=" " ind2=" " tag="490"><subfield code="a">Studies In Logic And The Foundations Of Mathe Matics</subfield></datafield><datafield ind1=" " ind2=" " tag="852"><subfield code="a">11695</subfield></datafield></record></collection>